<collection xmlns="http://www.loc.gov/MARC21/slim">
   <record>
      <leader>02268nam a2200385 i 4500</leader>
      <controlfield tag="001">6571140</controlfield>
      <controlfield tag="003">CaONFJC</controlfield>
      <controlfield tag="005">20140611112558.0</controlfield>
      <controlfield tag="008">130823s2015    caua     b    001 0 eng d</controlfield>
      <datafield ind1="7" ind2=" " tag="016">
         <subfield code="a">016597827</subfield>
         <subfield code="2">Uk</subfield>
      </datafield>
      <datafield ind1=" " ind2=" " tag="020">
         <subfield code="a">1483344983</subfield>
      </datafield>
      <datafield ind1=" " ind2=" " tag="020">
         <subfield code="a">9781483344980</subfield>
      </datafield>
      <datafield ind1=" " ind2=" " tag="035">
         <subfield code="a">ocn856738828</subfield>
      </datafield>
      <datafield ind1=" " ind2=" " tag="039">
         <subfield code="a">exclude</subfield>
      </datafield>
      <datafield ind1=" " ind2=" " tag="040">
         <subfield code="a">YDXCP</subfield>
         <subfield code="c">YDXCP</subfield>
         <subfield code="d">BTCTA</subfield>
         <subfield code="d">BDX</subfield>
         <subfield code="d">UKMGB</subfield>
         <subfield code="e">rda</subfield>
         <subfield code="d">MWS</subfield>
         <subfield code="d">CDX</subfield>
         <subfield code="d">NGU</subfield>
         <subfield code="d">CaONFJC</subfield>
         <subfield code="d">AEU</subfield>
      </datafield>
      <datafield ind1=" " ind2="4" tag="050">
         <subfield code="a">P90</subfield>
         <subfield code="b">.D8333 2015</subfield>
      </datafield>
      <datafield ind1="0" ind2="4" tag="082">
         <subfield code="a">302.2</subfield>
         <subfield code="b">23</subfield>
      </datafield>
      <datafield ind1=" " ind2=" " tag="090">
         <subfield code="a">P90 .D8333 2015</subfield>
         <subfield code="b">AEGMCT</subfield>
      </datafield>
      <datafield ind1="1" ind2=" " tag="100">
         <subfield code="a">Duck, Steve.</subfield>
         <subfield code="0">http://id.loc.gov/authorities/names/n50026784</subfield>
         <subfield code="0">http://viaf.org/viaf/109207091</subfield>
      </datafield>
      <datafield ind1="1" ind2="0" tag="245">
         <subfield code="a">Communication in everyday life :</subfield>
         <subfield code="b">the basic course edition with public speaking /</subfield>
         <subfield code="c">Steve Duck, David T. McMahan.</subfield>
      </datafield>
      <datafield ind1=" " ind2=" " tag="250">
         <subfield code="a">Basic course edition.</subfield>
      </datafield>
      <datafield ind1=" " ind2="1" tag="264">
         <subfield code="a">Los Angeles :</subfield>
         <subfield code="b">SAGE Publications,</subfield>
         <subfield code="c">[2015].</subfield>
      </datafield>
      <datafield ind1=" " ind2=" " tag="300">
         <subfield code="a">xxviii, 388 pages :</subfield>
         <subfield code="b">color illustrations ;</subfield>
         <subfield code="c">26 cm</subfield>
      </datafield>
      <datafield ind1=" " ind2=" " tag="336">
         <subfield code="a">text</subfield>
         <subfield code="2">rdacontent</subfield>
         <subfield code="0">http://id.loc.gov/vocabulary/contentTypes/txt</subfield>
      </datafield>
      <datafield ind1=" " ind2=" " tag="337">
         <subfield code="a">unmediated</subfield>
         <subfield code="2">rdamedia</subfield>
         <subfield code="0">http://id.loc.gov/vocabulary/mediaTypes/n</subfield>
      </datafield>
      <datafield ind1=" " ind2=" " tag="338">
         <subfield code="a">volume</subfield>
         <subfield code="2">rdacarrier</subfield>
         <subfield code="0">http://id.loc.gov/vocabulary/carriers/nc</subfield>
      </datafield>
      <datafield ind1=" " ind2=" " tag="504">
         <subfield code="a">Includes bibliographical references (pages [371]-381) and index.</subfield>
      </datafield>
      <datafield ind1="0" ind2=" " tag="505">
         <subfield code="a">An overview of communication -- Histories of communication -- Identities, perceptions, and communication -- Verbal communication -- Nonverbal communication -- Listening -- Personal relationships -- Groups and leaders -- Communication in the workplace -- Culture and communication -- Technology and media in everyday life -- Interviewing -- Preparing for a public presentation -- Developing a public presentation -- Relating through informative speeches and persuasive speeches -- Delivering a public presentation.</subfield>
      </datafield>
      <datafield ind1=" " ind2=" " tag="596">
         <subfield code="a">29</subfield>
      </datafield>
      <datafield ind1=" " ind2="0" tag="650">
         <subfield code="a">Communication.</subfield>
         <subfield code="0">http://id.loc.gov/authorities/subjects/sh85029027</subfield>
      </datafield>
      <datafield ind1="1" ind2=" " tag="700">
         <subfield code="a">McMahan, David T.</subfield>
         <subfield code="0">http://id.loc.gov/authorities/names/n2008028237</subfield>
         <subfield code="0">http://viaf.org/viaf/31467485</subfield>
      </datafield>
      <datafield ind1=" " ind2=" " tag="758">
         <subfield code="0">http://worldcat.org/entity/work/id/3078030</subfield>
      </datafield>
      <datafield ind1="0" ind2=" " tag="787">
         <subfield code="n">OCLC Work Id</subfield>
         <subfield code="o">http://worldcat.org/entity/work/id/3078030</subfield>
      </datafield>
      <datafield ind1=" " ind2=" " tag="949">
         <subfield code="a">P90 .D8333 2015</subfield>
         <subfield code="h">GMCT-OS-B</subfield>
         <subfield code="i">1007532441</subfield>
         <subfield code="p">123.41</subfield>
         <subfield code="k">AVAIL_SOON</subfield>
      </datafield>
      <datafield ind1=" " ind2=" " tag="926">
         <subfield code="a">P90 .D8333 2015</subfield>
         <subfield code="w">LC</subfield>
         <subfield code="c">1</subfield>
         <subfield code="i">1007532441</subfield>
         <subfield code="d">6/9/2016</subfield>
         <subfield code="e">5/24/2016</subfield>
         <subfield code="l">ON_SHELF</subfield>
         <subfield code="m">GR_MACEWAN</subfield>
         <subfield code="n">7</subfield>
         <subfield code="p">$123.41</subfield>
         <subfield code="r">Y</subfield>
         <subfield code="s">Y</subfield>
         <subfield code="t">BOOK</subfield>
         <subfield code="u">6/18/2014</subfield>
      </datafield>
   </record>
</collection>
